@FOOTNOTE{Note1,key="Note1",note=" However, $\eta _{\sigma _{\protect \mathrm  {min}}}\rightarrow 0$ for maximal spin splitting, such that the SPAP velocity tends to zero in this limit."}
@CONTROL{REVTEX42Control}
@CONTROL{apsrev42Control,author="08",editor="1",pages="0",title="0",year="1"}
