@FOOTNOTE{Note1,key="Note1",note="See Supplemental Material at [URL will be inserted by publisher] for a detailed calculation of the spin resolved response functions, details on the numerics, analytical solutions for the spin demon dispersion, quality factor and magnetic moment, and the spin demon in two dimensions and in $g$-wave altermagnets."}
@CONTROL{REVTEX42Control}
@CONTROL{apsrev42Control,author="08",editor="1",pages="0",title="0",year="1"}
